@misc{small_step_semantics,
  author = {Formal Methods Team, IOHK},
  title  = {Small Step Semantics for Cardano},
  year   = {2018},
  url   = {https://hydra.iohk.io/job/Cardano/cardano-chain/semanticsSpec/latest/download/1/small-steps.pdf}
}

@misc{byron_ledger_spec,
  author = {Formal Methods Team, IOHK},
  title  = {A Formal Specification of the Cardano Ledger (for the Byron release)},
  year   = {2018},
  url   = {https://hydra.iohk.io/job/Cardano/cardano-ledger-specs/byronLedgerSpec/latest/download-by-type/doc-pdf/ledger-spec}
}

@inproceedings{backbone,
  author    = {Juan A. Garay and
               Aggelos Kiayias and
               Nikos Leonardos},
  title     = {The Bitcoin Backbone Protocol: Analysis and Applications},
  booktitle = {Advances in Cryptology - {EUROCRYPT} 2015 - 34th Annual International
               Conference on the Theory and Applications of Cryptographic Techniques,
               Sofia, Bulgaria, April 26-30, 2015, Proceedings, Part {II}},
  pages     = {281--310},
  year      = {2015},
}

@phdthesis{7436dacbd7664737925923f0657fdc07,
  title = "Structuring structural operational semantics",
  author = "M.R. Mousavi",
  year = 2005,
  doi = "10.6100/IR594899",
  language = "English",
  isbn = "90-386-0644-3",
  publisher = "Technische Universiteit Eindhoven",
  school = "Department of Mathematics and Computer Science",
}

@article{10.1145/1988042.1988046,
 author = {Claessen, Koen and Hughes, John},
 title = {QuickCheck: A Lightweight Tool for Random Testing of Haskell Programs},
 year = 2011,
 issue_date = {May 2011},
 publisher = {Association for Computing Machinery},
 address = {New York, NY, USA},
 volume = 46,
 number = 4,
 issn = {0362-1340},
 url = {https://doi.org/10.1145/1988042.1988046},
 doi = {10.1145/1988042.1988046},
 journal = {SIGPLAN Not.},
 month = may,
 pages = {53â€“64},
 numpages = 12
}

@inbook{quickcheck-state-machine,
  author = {Hughes, John},
  year = {2016},
  month = {03},
  pages = {169-186},
  title = {Experiences with QuickCheck: Testing the Hard Stuff and Staying Sane},
  volume = {9600},
  isbn = {978-3-319-30935-4},
  doi = {10.1007/978-3-319-30936-1_9}
}
