@inproceedings{medvinsky1993netcash,
  title={NetCash: A design for practical electronic currency on the Internet},
  author={Medvinsky, Gennady and Neuman, Clifford},
  booktitle={Proceedings of the 1st ACM Conference on Computer and Communications Security},
  pages={102--106},
  year={1993},
  publisher={ACM},
  address={New York}
}

@inproceedings{bellare1993random,
  title={Random oracles are practical: A paradigm for designing efficient protocols},
  author={Bellare, Mihir and Rogaway, Phillip},
  booktitle={Proceedings of the 1st ACM Conference on Computer and Communications Security},
  pages={62--73},
  year={1993},
  publisher={ACM},
  address={New York}  
}

@inproceedings{blaze1993cryptographic,
  title={A cryptographic file system for UNIX},
  author={Blaze, Matt},
  booktitle={Proceedings of the 1st ACM Conference on Computer and Communications Security},
  pages={9--16},
  year={1993},
  publisher={ACM},
  address={New York}
}

@inproceedings{anderson1993cryptosystems,
  title={Why cryptosystems fail},
  author={Anderson, Ross},
  booktitle={Proceedings of the 1st ACM Conference on Computer and Communications Security},
  pages={215--227},
  year={1993},
  publisher={ACM},
  address={New York}
}

