@article{buterin_on_gov,
	Author = {Buterin, Vitalik},
	Journal = {white paper},
	Title = {Notes on Blockchain Governance},
	Year = {2017}}

@article{bitcoin,
	Author = {Nakamoto, Satoshi},
	Title = {Bitcoin: A peer-to-peer electronic cash system},
	Year = {2008}}

@article{ethereum,
	Author = {Buterin, Vitalik and others},
	Journal = {white paper},
	Title = {A next-generation smart contract and decentralized application platform},
	Year = {2014}}

@misc{treasury,
    author = {Bingsheng Zhang and Roman Oliynykov and Hamed Balogun},
    title = {A Treasury System for Cryptocurrencies: Enabling Better Collaborative Intelligence},
    howpublished = {Cryptology ePrint Archive, Report 2018/435},
    year = {2018},
    note = {\url{https://eprint.iacr.org/2018/435}},
}

@article{stakepools,
	Author = {Karakostas, Dimitris and Kiayias, Aggelos and Larangeira, Mario},
	Title = {Account Management and Stake Pools in Proof of Stake Ledgers},
	Year = {2018}}

@article{deldesign,
	Author = {Kant, Philipp and Brunjes, Lars and Coutts, Duncan},
	Title = {Engineering Design Specification for Delegation and Incentives in Cardano -- Shelley - An IOHK Technical Report},
	Year = {2019}}

@article{incentives,
  author    = {Lars Br{\"{u}}njes and
               Aggelos Kiayias and
               Elias Koutsoupias and
               Aikaterini{-}Panagiota Stouka},
  title     = {Reward Sharing Schemes for Stake Pools},
  journal   = {CoRR},
  volume    = {abs/1807.11218},
  year      = {2018},
  url       = {http://arxiv.org/abs/1807.11218},
  archivePrefix = {arXiv},
  eprint    = {1807.11218},
  timestamp = {Mon, 13 Aug 2018 16:46:26 +0200},
  biburl    = {https://dblp.org/rec/bib/journals/corr/abs-1807-11218},
  bibsource = {dblp computer science bibliography, https://dblp.org}
}

@inproceedings{velvet,
  author    = {Alexei Zamyatin and
               Nicholas Stifter and
               Aljosha Judmayer and
               Philipp Schindler and
               Edgar R. Weippl and
               William J. Knottenbelt},
  title     = {A Wild Velvet Fork Appears! Inclusive Blockchain Protocol Changes
               in Practice - (Short Paper)},
  booktitle = {Financial Cryptography and Data Security - {FC} 2018 International
               Workshops, BITCOIN, VOTING, and WTSC, Nieuwpoort, Cura{\c{c}}ao, March
               2, 2018, Revised Selected Papers},
  pages     = {31--42},
  year      = {2018},
  //crossref  = {DBLP:conf/fc/2018w},
  url       = {https://doi.org/10.1007/978-3-662-58820-8\_3},
  doi       = {10.1007/978-3-662-58820-8\_3},
  timestamp = {Tue, 14 May 2019 10:00:38 +0200},
  biburl    = {https://dblp.org/rec/bib/conf/fc/ZamyatinSJSWK18},
  bibsource = {dblp computer science bibliography, https://dblp.org}
}
